% ....názov súboru je: literatura.bib
% článok v časopise
@article{Czarnecki:Staged,
    author = "Krzysztof Czarnecki and Simon Helsen and Ulrich Eisenecker",
    title = "Staged Configuration Through Specialization and Multi-Level Configuration of Feature Models",
    journal = "Software Process: Improvement and Practice",
    volume = 10,
    issue = 2,
    month = apr # "/" # jun,
    year = "2005",
    pages = "143--169",
}

@book{UML_Distilled,
  author = "Martin Fowler",
  title = "UML Distilled",
  publisher = "Addison-Wesley",
  year = 2003
}

@book{Sequence_diagram:Lambert,
  author = "Lambert M. Surhone, Miriam T. Timpledon, Susan F. Marseken",
  title = "Sequence Diagram",
  publisher = "VDM Publishing",
  year = 2010
}
@book{UML_user_guide:Booch,
  author = "Grady Booch, James Rumbaugh, Ivar Jacobson",
  title = "Unified Modeling Language User Guide",
  publisher = "Addison-Wesley",
  year = 2005
}



% zdroj na webe
@misc{UML, 
author={Object Managment Group},
title={Unified Modeling Language, v2.5.1},
howpublished={\url{https://www.omg.org/spec/UML/2.5.1/PDF}},
}
@misc{IBM_SD, 
author={Donald Bell},
title={Explore the UML sequence diagram},
howpublished={\url{https://developer.ibm.com/articles/the-sequence-diagram/}},
}