@ARTICLE{Sulsky1994,
  author = {Sulsky, D. and Chen, Z. and Schreyer, H. L.},
  title = {A particle method for history-dependent materials},
  journal = {Computer Methods in Applied Mechanics and Engineering},
  year = {1994},
  volume = {118},
  pages = {179-196}
}
@misc{UML, 
title={Unified Modeling Language, v2.5.1},
howpublished={\url{https://www.omg.org/spec/UML/2.5.1/PDF}},

}
